@inproceedings{chen2019this,
	title="This Looks Like That: Deep Learning for Interpretable Image Recognition",
	author="Chaofan {Chen} and Oscar {Li} and Daniel {Tao} and Alina {Barnett} and Cynthia {Rudin} and Jonathan K. {Su}",
	booktitle="Advances in Neural Information Processing Systems",
	volume="32",
	pages="8930--8941",
	notes="Sourced from Microsoft Academic - https://academic.microsoft.com/paper/2971048680",
	year="2019"
}

@article{peterson2018evaluating,
	title={Evaluating (and improving) the correspondence between deep neural networks and human representations},
	author={Peterson, Joshua C and Abbott, Joshua T and Griffiths, Thomas L},
	journal={Cognitive science},
	volume={42},
	number={8},
	pages={2648--2669},
	year={2018},
	publisher={Wiley Online Library}
}

@inproceedings{pramod2016computational,
	title={Do computational models differ systematically from human object perception?},
	author={Pramod, RT and Arun, SP},
	booktitle={Proceedings of the IEEE Conference on Computer Vision and Pattern Recognition},
	pages={1601--1609},
	year={2016}
}

@article{german2020can,
	title="Can machine learning account for human visual object shape similarity judgments",
	author="Joseph Scott {German} and Robert A. {Jacobs}",
	journal="Vision Research",
	volume="167",
	pages="87--99",
	notes="Sourced from Microsoft Academic - https://academic.microsoft.com/paper/3002983247",
	year="2020"
}

@misc{pakin2020comprehensive,
	title={The comprehensive LaTeX symbol list},
	author={Pakin, Scott},
	year={2020},
	url={http://tug.ctan.org/info/symbols/comprehensive/symbols-a4.pdf}
}

@inproceedings{isola2017image,
	title={Image-to-image translation with conditional adversarial networks},
	author={Isola, Phillip and Zhu, Jun-Yan and Zhou, Tinghui and Efros, Alexei A},
	booktitle={Proceedings of the IEEE conference on computer vision and pattern recognition},
	pages={1125--1134},
	year={2017}
}

@article{brock2018large,
	title={Large scale GAN training for high fidelity natural image synthesis},
	author={Brock, Andrew and Donahue, Jeff and Simonyan, Karen},
	journal={arXiv preprint arXiv:1809.11096},
	year={2018}
}

@article{harkonen2020ganspace,
	title={Ganspace: Discovering interpretable gan controls},
	author={H{\"a}rk{\"o}nen, Erik and Hertzmann, Aaron and Lehtinen, Jaakko and Paris, Sylvain},
	journal={arXiv preprint arXiv:2004.02546},
	year={2020}
}

@article{hebart2020revealing,
	title={Revealing the multidimensional mental representations of natural objects underlying human similarity judgements},
	author={Hebart, Martin N and Zheng, Charles Y and Pereira, Francisco and Baker, Chris I},
	journal={Nature Human Behaviour},
	volume={4},
	number={11},
	pages={1173--1185},
	year={2020},
	publisher={Nature Publishing Group}
}

@article{kim2020deformable,
	title={Deformable Style Transfer},
	author={Kim, Sunnie SY and Kolkin, Nicholas and Salavon, Jason and Shakhnarovich, Gregory},
	journal={arXiv preprint arXiv:2003.11038},
	year={2020}
}

@article{goodfellow2014generative,
	title={Generative adversarial networks},
	author={Goodfellow, Ian J and Pouget-Abadie, Jean and Mirza, Mehdi and Xu, Bing and Warde-Farley, David and Ozair, Sherjil and Courville, Aaron and Bengio, Yoshua},
	journal={arXiv preprint arXiv:1406.2661},
	year={2014}
}