@inproceedings{chen2019this,
	title="This Looks Like That: Deep Learning for Interpretable Image Recognition",
	author="Chaofan {Chen} and Oscar {Li} and Daniel {Tao} and Alina {Barnett} and Cynthia {Rudin} and Jonathan K. {Su}",
	booktitle="Advances in Neural Information Processing Systems",
	volume="32",
	pages="8930--8941",
	notes="Sourced from Microsoft Academic - https://academic.microsoft.com/paper/2971048680",
	year="2019"
}

@article{peterson2018evaluating,
	title="Evaluating (and Improving) the Correspondence Between Deep Neural Networks and Human Representations.",
	author="Joshua C. {Peterson} and Joshua T. {Abbott} and Thomas L. {Griffiths}",
	journal="Cognitive Science",
	volume="42",
	number="8",
	pages="2648--2669",
	notes="Sourced from Microsoft Academic - https://academic.microsoft.com/paper/2795373741",
	year="2018"
}

@inproceedings{pramod2016do,
	title="Do Computational Models Differ Systematically from Human Object Perception",
	author="R. T. {Pramod} and S. P. {Arun}",
	booktitle="2016 IEEE Conference on Computer Vision and Pattern Recognition (CVPR)",
	pages="1601--1609",
	notes="Sourced from Microsoft Academic - https://academic.microsoft.com/paper/2475327816",
	year="2016"
}

@article{german2020can,
	title="Can machine learning account for human visual object shape similarity judgments",
	author="Joseph Scott {German} and Robert A. {Jacobs}",
	journal="Vision Research",
	volume="167",
	pages="87--99",
	notes="Sourced from Microsoft Academic - https://academic.microsoft.com/paper/3002983247",
	year="2020"
}

@misc{pakin2020comprehensive,
	title={The comprehensive LaTeX symbol list},
	author={Pakin, Scott},
	year={2020},
	url={http://tug.ctan.org/info/symbols/comprehensive/symbols-a4.pdf}
}

@book{RusselNorvig,
	author    = {Stuart J. Russell and
	Peter Norvig},
	title     = {Artificial Intelligence - {A} Modern Approach, Third International
	Edition},
	publisher = {Pearson Education},
	year      = {2010},
}

@article{goodfellow2014generative,
	title={Generative adversarial networks},
	author={Goodfellow, Ian J and Pouget-Abadie, Jean and Mirza, Mehdi and Xu, Bing and Warde-Farley, David and Ozair, Sherjil and Courville, Aaron and Bengio, Yoshua},
	journal={arXiv preprint arXiv:1406.2661},
	year={2014}
}

@inproceedings{isola2017image,
	title={Image-to-image translation with conditional adversarial networks},
	author={Isola, Phillip and Zhu, Jun-Yan and Zhou, Tinghui and Efros, Alexei A},
	booktitle={Proceedings of the IEEE conference on computer vision and pattern recognition},
	pages={1125--1134},
	year={2017}
}

