@misc{pakin2020comprehensive,
  title={The comprehensive LaTeX symbol list},
  author={Pakin, Scott},
  year={2020},
  url={http://tug.ctan.org/info/symbols/comprehensive/symbols-a4.pdf}
}

@book{RusselNorvig,
  author    = {Stuart J. Russell and
               Peter Norvig},
  title     = {Artificial Intelligence - {A} Modern Approach, Third International
               Edition},
  publisher = {Pearson Education},
  year      = {2010},
}